%%%%%%%%%%%%%%%%%%%%%%%%%%%%%%%%%%%%%%
% 2025
%%%%%%%%%%%%%%%%%%%%%%%%%%%%%%%%%%%%%%

@inproceedings{
reizinger2025crossentropy,
title={Cross-Entropy Is All You Need To Invert the Data Generating Process},
author={Patrik Reizinger and Alice Bizeul and Attila Juhos and Julia E Vogt and Randall Balestriero and Wieland Brendel and David Klindt},
booktitle={The Thirteenth International Conference on Learning Representations},
year={2025},
url={https://openreview.net/forum?id=hrqNOxpItr},
note={{\color{customblue}Oral (top 1.8\%)}},
}

@inproceedings{
reizinger2025identifiable,
title={Identifiable Exchangeable Mechanisms for Causal Structure and Representation Learning},
author={Patrik Reizinger and Siyuan Guo and Ferenc Husz{\'a}r and Bernhard Sch{\"o}lkopf and Wieland Brendel},
booktitle={The Thirteenth International Conference on Learning Representations},
year={2025},
url={https://openreview.net/forum?id=k03mB41vyM},
note={{\color{customblue}Spotlight (top 5.1\%)}},
}

@inproceedings{
rusak2025infonce,
title={Info{NCE}: Identifying the Gap Between Theory and Practice},
author={Evgenia Rusak and Patrik Reizinger and Attila Juhos and Oliver Bringmann and Roland S. Zimmermann and Wieland Brendel},
booktitle={The 28th International Conference on Artificial Intelligence and Statistics},
year={2025},
url={https://openreview.net/forum?id=RNQzrXWhIs}
}

%%%%%%%%%%%%%%%%%%%%%%%%%%%%%%%%%%%%%%
% 2024
%%%%%%%%%%%%%%%%%%%%%%%%%%%%%%%%%%%%%%



@inproceedings{
    reizinger2024exploring,
    title={{Exploring A Bayesian View On Compositional and Counterfactual Generalization}},
    author={Patrik Reizinger and Rahul G. Krishnan},
    booktitle={NeurIPS 2024 Workshop on Compositional Learning: Perspectives, Methods, and Paths Forward},
    year={2024},
    url={https://openreview.net/forum?id=e8GyFrNKzX}
}

@inproceedings{meszarosrule,
  title={{Rule Extrapolation in Language Modeling: A Study of Compositional Generalization on OOD Prompts}},
  author={M{\'e}sz{\'a}ros, Anna and Ujv{\'a}ry, Szilvia and Brendel, Wieland and Reizinger${}^\dagger$, Patrik and Husz{\'a}r${}^\dagger$, Ferenc},
  booktitle={The Thirty-eighth Annual Conference on Neural Information Processing Systems},
    note={{\color{customblue}Spotlight}},
}




@inproceedings{reizinger2024position,
  author = {
    Reizinger${}^*$, Patrik and
    Ujváry${}^*$, Szilvia  and
   Mészáros${}^*$, Anna  and
   Kerekes${}^*$, Anna and
    Brendel, Wieland and 
   Huszár, Ferenc 
  },
  title = {
    {Position: Understanding LLMs Requires More Than Statistical Generalization}
  },
  year = {2024},
  booktitle={Forty-first International Conference on Machine Learning},
    note={{\color{customblue}Spotlight (top 3.5\%)}},
}




@inproceedings{
 rajendran2024interventional,
 title={{An Interventional Perspective on Identifiability in Gaussian {LTI} Systems with Independent Component Analysis}},
 author={Goutham Rajendran${}^*$ and Patrik Reizinger${}^*$ and Wieland Brendel and Pradeep Kumar Ravikumar},
 booktitle={3rd Conference on Causal Learning and Reasoning (CLeaR)},
 year={2024},
note={Accepted (oral)},
}


%%%%%%%%%%%%%%%%%%%%%%%%%%%%%%%%%%%%%%
% 2023
%%%%%%%%%%%%%%%%%%%%%%%%%%%%%%%%%%%%%%

% inproceedings{
% rajendran2023interventional,
% title={An Interventional Perspective on Identifiability in Gaussian {LTI} Systems with Independent Component Analysis},
% author={Goutham Rajendran${}^*$ and Patrik Reizinger${}^*$ and Wieland Brendel and Pradeep Kumar Ravikumar},
 %booktitle={UAI 2023 Workshop on Causal inference for time series data},
% year={2023},
%}


@inproceedings{
    reizinger2023independent,
    title={{Independent Mechanism Analysis in {GPLVM}s}},
    author={Patrik Reizinger${}^*$ and Han-Bo${}^*$ Li and Aditya${}^*$ Ravuri and Ferenc Husz{\'a}r and Neil D Lawrence},
    booktitle={Fifth Symposium on Advances in Approximate Bayesian Inference},
    year={2023},
    url={https://openreview.net/forum?id=WgK0RYP-6H}
}

@inproceedings{
reizinger2023samba,
    title={{{SAMBA}: Regularized Autoencoders perform Sharpness-Aware Minimization}},
    author={Patrik Reizinger and Ferenc Husz{\'a}r},
    booktitle={Fifth Symposium on Advances in Approximate Bayesian Inference},
    year={2023},
    url={https://openreview.net/forum?id=gk3PAmy_UNz}
}

@inproceedings{keurti2023desiderata,
  title={{Desiderata for Representation Learning from Identifiability, Disentanglement, and Group-Structuredness}},
  author={Keurti${}^*$, Hamza and Reizinger${}^*$, Patrik and Sch{\"o}lkopf, Bernhard and Brendel, Wieland},
booktitle={ICML 2023 Workshop 2nd Annual TAG in Machine Learning},
  year={2023}
}



@article{reizinger2023cubesat,
  title={{CubeSat Attitude Determination with Decomposed Kalman Filters}},
  author={Reizinger, Patrik and Vajda, Ferenc},
  journal={Journal of the Brazilian Society of Mechanical Sciences and Engineering},
  volume={45},
  number={2},
  pages={126},
  year={2023},
  publisher={Springer}
}


@article{reizinger2023falsificationist,
  title={{The Falsificationist View of Machine Learning}},
  author={Reizinger, Patrik},
  journal={Information Society/Inform{\'a}ci{\'o}s T{\'a}rsadalom (InfTars)},
  volume={23},
  number={2},
  year={2023}
}

%%%%%%%%%%%%%%%%%%%%%%%%%%%%%%%%%%%%%%
% 2022
%%%%%%%%%%%%%%%%%%%%%%%%%%%%%%%%%%%%%%

@article{
reizinger2023jacobianbased,
title={{Jacobian-based Causal Discovery with Nonlinear {ICA}}},
author={Patrik Reizinger and Yash Sharma and Matthias Bethge and Bernhard Sch{\"o}lkopf and Ferenc Husz{\'a}r and Wieland Brendel},
journal={Transactions on Machine Learning Research},
issn={2835-8856},
year={2023},
url={https://openreview.net/forum?id=2Yo9xqR6Ab},
note={}
}

@inproceedings{rusak2022content,
  author = {
    Rusak${}^*$, Evgenia and
    Reizinger${}^*$, Patrik and
    Zimmermann${}^*$, Roland S. and
    Bringmann, Oliver and
    Brendel, Wieland 
  },
  title = {{}
    Content Suppresses Style in
    Dimensionality Collapse
    in Contrastive Learning
  }},
  year = {2022},
  booktitle={NeurIPS 2022 Workshop on Self-Supervised Learning--Theory and Practice}
}

@inproceedings{reizinger2022embrace,
  title={{Embrace} the {Gap}: {VAEs} {Perform} {Independent} {Mechanism} {Analysis}},
  author={Reizinger${}^*$, Patrik and Gresele${}^*$, Luigi and Brady${}^*$, Jack and von K{\"u}gelgen, Julius and Zietlow, Dominik and Sch{\"o}lkopf, Bernhard and Martius, Georg and Brendel, Wieland and Besserve, Michel},
  booktitle={NeurIPS2022},
  year={2022}
}

@inproceedings{reizinger2022multivariable,
  title={{Multivariable} {Causal} {Discovery} with {General} {Nonlinear} {Relationships}},
  author={Reizinger${}^*$, Patrik and Sharma, Yash and Bethge, Matthias and Sch{\"o}lkopf, Bernhard and Husz{\'a}r, Ferenc and Brendel, Wieland},
  booktitle={UAI 2022 Workshop on Causal Representation Learning},
  year={2022}
}


%%%%%%%%%%%%%%%%%%%%%%%%%%%%%%%%%%%%%%
% 2021
%%%%%%%%%%%%%%%%%%%%%%%%%%%%%%%%%%%%%%
@article{szemenyei2021handling,
  title={{Handling Realistic Noise in Multi-Agent Systems with Self-Supervised Learning and Curiosity}},
  author={Szemenyei, M{\'a}rton and Reizinger, Patrik},
  journal={Journal of Artificial Intelligence and Soft Computing Research},
  volume={12},
  number={2},
  pages={135--148},
  year={2021}
}

%%%%%%%%%%%%%%%%%%%%%%%%%%%%%%%%%%%%%%
% 2020
%%%%%%%%%%%%%%%%%%%%%%%%%%%%%%%%%%%%%%

@article{huszar2020kismHuholdak,
  title={{Kism{\H{u}}holdak fejleszt{\'e}se a sokoldal{\'u}s{\'a}g {\'e}s a k{\"o}nny{\H{u}} reproduk{\'a}lhat{\'o}s{\'a}g t{\"u}kr{\'e}ben}},
  author={Reizinger, Patrik and Husz{\'a}r, P{\'e}ter  and Mil{\'a}nkovich, Dorottya and Sz{\'e}ll, Alexandra},
  journal={Repüléstudományi Közlemények},
  volume={32},
  number={2},
  pages={81--95},
  year={2020},
  publisher={Zr{\'\i}nyi Mikl{\'o}s Nemzetv{\'e}delmi Egyetem}
}

@inproceedings{szemenyei2020learning,
  title={{Learning to Play Robot Soccer from Partial Observations}},
  author={Szemenyei, M{\'a}rton and Reizinger, Patrik},
  booktitle={2020 23rd International Symposium on Measurement and Control in Robotics (ISMCR)},
  pages={1--6},
  year={2020},
  organization={IEEE}
}


@inproceedings{reizinger2020attention,
  title={{Attention-based curiosity-driven exploration in deep reinforcement learning}},
  author={Reizinger, Patrik and Szemenyei, M{\'a}rton},
  booktitle={ICASSP 2020-2020 IEEE International Conference on Acoustics, Speech and Signal Processing (ICASSP)},
  pages={3542--3546},
  year={2020},
  organization={IEEE}
}

%%%%%%%%%%%%%%%%%%%%%%%%%%%%%%%%%%%%%%
% 2019
%%%%%%%%%%%%%%%%%%%%%%%%%%%%%%%%%%%%%%
@inproceedings{szemenyei2019attention,
  title={{Attention-based curiosity in multi-agent reinforcement learning environments}},
  author={Szemenyei, Marton and Reizinger, Patrik},
  booktitle={2019 International Conference on Control, Artificial Intelligence, Robotics \& Optimization (ICCAIRO)},
  pages={176--181},
  year={2019},
  organization={IEEE}
}

@inproceedings{reizinger2019stochastic,
  title={{Stochastic weight matrix-based regularization methods for deep neural networks}},
  author={Reizinger, Patrik and Gyires-T{\'o}th, B{\'a}lint},
  booktitle={International Conference on Machine Learning, Optimization, and Data Science},
  pages={45--57},
  year={2019},
  organization={Springer, Cham}
}

%%%%%%%%%%%%%%%%%%%%%%%%%%%%%%%%%%%%%%
% 2018
%%%%%%%%%%%%%%%%%%%%%%%%%%%%%%%%%%%%%%
@inproceedings{reizinger2018concept,
  title={{Concept of a mobile, cameraless VR-controller framework for working environments}},
  author={Reizinger, Patrik and Vajda, Ferenc},
  year={2018}
}








